@Article{ID,
     author = {Author},
     title = {Title},
     journal = {Journal},
     year = {Year}
}